<record><leader>05589cam a2200625 i 4500</leader><controlfield tag="001">6811249</controlfield><controlfield tag="003">OCoLC</controlfield><controlfield tag="005">20150224075620.0</controlfield><controlfield tag="006">m     o  d        </controlfield><controlfield tag="007">cr |n|</controlfield><controlfield tag="008">141216t20152015paua    ob    000 0 eng d</controlfield><datafield ind1=" " ind2=" " tag="020"><subfield code="z">9781455776283</subfield><subfield code="q">set : hardcover : alk. paper</subfield></datafield><datafield ind1=" " ind2=" " tag="020"><subfield code="z">1455776289</subfield><subfield code="q">set : hardcover : alk. paper</subfield></datafield><datafield ind1=" " ind2=" " tag="020"><subfield code="z">9996098001</subfield><subfield code="q">vol. 1</subfield></datafield><datafield ind1=" " ind2=" " tag="020"><subfield code="z">9996098060</subfield><subfield code="q">vol. 2</subfield></datafield><datafield ind1=" " ind2=" " tag="035"><subfield code="a">ocn898159499</subfield></datafield><datafield ind1=" " ind2=" " tag="039"><subfield code="a">exclude</subfield></datafield><datafield ind1=" " ind2=" " tag="040"><subfield code="a">SINTU</subfield><subfield code="b">eng</subfield><subfield code="e">rda</subfield><subfield code="c">SINTU</subfield><subfield code="d">MMU</subfield><subfield code="d">OPELS</subfield><subfield code="d">BUF</subfield><subfield code="d">VVL</subfield><subfield code="d">OPELS</subfield><subfield code="d">AEU</subfield></datafield><datafield ind1=" " ind2="4" tag="050"><subfield code="a">RD101</subfield></datafield><datafield ind1=" " ind2="4" tag="060"><subfield code="a">WE 175</subfield></datafield><datafield ind1="0" ind2="4" tag="082"><subfield code="a">617.4/71044</subfield><subfield code="2">23</subfield></datafield><datafield ind1=" " ind2=" " tag="090"><subfield code="a">Internet Access</subfield><subfield code="b">AEU</subfield></datafield><datafield ind1="0" ind2="0" tag="245"><subfield code="a">Skeletal trauma</subfield><subfield code="h">[electronic resource] :</subfield><subfield code="b">basic science, management, and reconstruction /</subfield><subfield code="c">[edited by] Bruce D. Browner, Jesse B. Jupiter, Christian Krettek, Paul A. Anderson.</subfield></datafield><datafield ind1="1" ind2="5" tag="246"><subfield code="a">Skeletal trauma basic science, management, and reconstruction</subfield></datafield><datafield ind1=" " ind2=" " tag="250"><subfield code="a">Fifth edition.</subfield></datafield><datafield ind1=" " ind2="1" tag="264"><subfield code="a">Philadelphia, PA :</subfield><subfield code="b">Elsevier/Saunders,</subfield><subfield code="c">[2015]</subfield></datafield><datafield ind1=" " ind2="4" tag="264"><subfield code="c">&#169;2015</subfield></datafield><datafield ind1=" " ind2=" " tag="300"><subfield code="a">1 online resource :</subfield><subfield code="b">illustrations (some color)</subfield></datafield><datafield ind1=" " ind2=" " tag="336"><subfield code="a">text</subfield><subfield code="b">txt</subfield><subfield code="2">rdacontent</subfield></datafield><datafield ind1=" " ind2=" " tag="337"><subfield code="a">computer</subfield><subfield code="b">c</subfield><subfield code="2">rdamedia</subfield></datafield><datafield ind1=" " ind2=" " tag="338"><subfield code="a">online resource</subfield><subfield code="b">cr</subfield><subfield code="2">rdacarrier</subfield></datafield><datafield ind1=" " ind2=" " tag="500"><subfield code="a">Preceded by Skeletal trauma / [edited by] Bruce D. Browner ... [et al.]. 4th ed. 2009.</subfield></datafield><datafield ind1=" " ind2=" " tag="504"><subfield code="a">Includes bibliographical references.</subfield></datafield><datafield ind1="0" ind2=" " tag="505"><subfield code="a">The history of fracture treatment -- Global burden of musculoskeletal injuries -- The challenges of orthopaedic trauma care in the developing world -- Biology and enhancement of skeletal repair -- Biomechanics of fractures -- Closed fracture management -- Principles and complications of external skeletal fixation -- Principles of internal fixation -- Evaluation and treatment of the multi-injured trauma patient -- Initial evaluation of the spine in trauma patients -- Damage control orthopaedic surgery : a strategy for the orthopaedic care of the critically injured patient -- Disaster management -- Occupational hazards in the treatment of orthopaedic trauma -- Medical management of the orthopaedic trauma patient -- Evaluation and treatment of vascular injuries -- Compartment syndromes -- Open fractures -- Soft tissue reconstruction -- Gunshot wounds and blast injuries -- Pathologic fractures -- Osteoporotic fragility fractures -- Surgical site infection prevention -- Diagnosis and treatment of complications -- Chronic osteomyelitis -- Nonunions : evaluation and treatment -- Physical impairment ratings for fractures -- Outcome assessment in orthopaedic traumatology -- Professionalism and the economics of orthopaedic trauma care -- Psychological, social, and functional manifestations of orthopaedic trauma and traumatic brain injury * -- Imaging of spinal trauma -- Pathophysiology and emergent treatment of spinal cord injury -- The timing of management of spinal cord injuries -- Craniocervical injuries -- Subaxial cervical spine trauma -- Thoracolumbar fractures -- Fractures in the ankylosed spine -- Osteoporotic spinal fractures -- Avoiding complications in spine trauma patients -- Principles of orthotic management -- Pelvic ring injuries -- Surgical treatment of acetabular fractures -- Fractures and dislocations of the hand -- Fractures and dislocations of the carpus -- Fractures of the distal radius -- Diaphyseal fractures of the forearm -- Trauma to the adult elbow and fractures of the distal humerus -- Fracture of the humeral shaft -- Proximal humerus fractures and glenohumeral dislocations -- Fractures and dislocations of the clavicle -- Scapula and rib fractures -- Replantation -- Hip dislocations -- Medical management of the patient with hip fracture -- Intracapsular hip fractures -- Intertrochanteric hip fractures -- Posttraumatic reconstruction of the hip joint -- Subtrochanteric fractures of the femur -- Femoral shaft fractures -- Fractures of the distal femur -- Patella fractures and extensor mechanism injuries -- Knee dislocations and soft tissue injuries -- Tibial plateau fractures -- Malunions and nonunions about the knee -- Tibial shaft fractures -- Fractures of the tibial pilon -- Malleolar fractures and soft tissue injuries of the ankle -- Foot injuries -- Posttraumatic reconstruction of the foot and ankle -- Periprosthetic fractures of the lower extremity -- Principles of deformity correction -- Limb salvage and reconstruction -- Amputations in trauma.</subfield></datafield><datafield ind1=" " ind2=" " tag="506"><subfield code="a">Access restricted to authorized users and institutions.</subfield></datafield><datafield ind1=" " ind2=" " tag="588"><subfield code="a">Description based on online resource; title from digital title page (ClinicalKey, viewed on December 16, 2014).</subfield></datafield><datafield ind1=" " ind2=" " tag="596"><subfield code="a">44</subfield></datafield><datafield ind1=" " ind2="0" tag="650"><subfield code="a">Fractures.</subfield></datafield><datafield ind1=" " ind2="0" tag="650"><subfield code="a">Bone</subfield><subfield code="x">Wounds and injuries.</subfield></datafield><datafield ind1="1" ind2="2" tag="650"><subfield code="a">Fractures, Bone.</subfield></datafield><datafield ind1="2" ind2="2" tag="650"><subfield code="a">Bone and Bones</subfield><subfield code="x">injuries.</subfield></datafield><datafield ind1="2" ind2="2" tag="650"><subfield code="a">Dislocations.</subfield></datafield><datafield ind1="2" ind2="2" tag="650"><subfield code="a">Ligaments</subfield><subfield code="x">injuries.</subfield></datafield><datafield ind1=" " ind2="0" tag="650"><subfield code="a">Dislocations.</subfield></datafield><datafield ind1=" " ind2="0" tag="650"><subfield code="a">Ligaments</subfield><subfield code="x">Wounds and injuries.</subfield></datafield><datafield ind1="1" ind2=" " tag="700"><subfield code="a">Browner, Bruce D.,</subfield><subfield code="e">editor.</subfield></datafield><datafield ind1="1" ind2=" " tag="700"><subfield code="a">Jupiter, Jesse B.,</subfield><subfield code="e">editor.</subfield></datafield><datafield ind1="1" ind2=" " tag="700"><subfield code="a">Krettek, Christian,</subfield><subfield code="d">1953-</subfield><subfield code="e">editor.</subfield></datafield><datafield ind1="1" ind2=" " tag="700"><subfield code="a">Anderson, Paul,</subfield><subfield code="d">1952-</subfield><subfield code="e">editor.</subfield></datafield><datafield ind1="2" ind2=" " tag="710"><subfield code="a">ClinicalKey.</subfield></datafield><datafield ind1="0" ind2=" " tag="730"><subfield code="i">Preceded by (work):</subfield><subfield code="a">Skeletal trauma.</subfield><subfield code="s">4th ed.</subfield></datafield><datafield ind1="0" ind2="8" tag="776"><subfield code="i">Print version:</subfield><subfield code="t">Skeletal trauma.</subfield><subfield code="b">Fifth edition</subfield><subfield code="z">9781455776283</subfield><subfield code="w">(DLC)  2014022019</subfield><subfield code="w">(OCoLC)881498599</subfield></datafield><datafield ind1="4" ind2="0" tag="856"><subfield code="3">University of Alberta Access</subfield><subfield code="u">https://www.clinicalkey.com/dura/browse/bookChapter/3-s2.0-C20111050348</subfield><subfield code="z">(Unlimited Concurrent Users)</subfield></datafield><datafield ind1=" " ind2=" " tag="949"><subfield code="h">UAIN</subfield><subfield code="z">CKEY</subfield></datafield><datafield ind1=" " ind2=" " tag="926"><subfield code="a">Internet Access</subfield><subfield code="w">LC</subfield><subfield code="c">1</subfield><subfield code="i">6811249-1001</subfield><subfield code="l">INTERNET</subfield><subfield code="m">UAINTERNET</subfield><subfield code="r">Y</subfield><subfield code="s">Y</subfield><subfield code="t">E-RESOURCE</subfield><subfield code="u">2/24/2015</subfield><subfield code="x">E-BOOK</subfield><subfield code="z">CKEY</subfield></datafield></record>